@article{Cui2009,
  author = {Qiang Cui and Martin Karplus},
  title = {Allostery and cooperativity revisited},
  journal = {\textit{Protein Sci.}},
  year = {\textbf{2009}},
  volume = {\textit{17}},
  number = {8},
  pages = {1295--1307},
  url = {https://onlinelibrary.wiley.com/doi/10.1110/ps.03259908}
}

@article{Lim1996,
  author = {Manho Lim and Timothy A. Jackson and Philip A. Anfinrud},
  title = {Femtosecond Near-IR Absorbance Study of Photoexcited Myoglobin: Dynamics of Electronic and Thermal Relaxation},
  journal = {\textit{J. Phys. Chem.}},
  year = {\textbf{1996}},
  volume = {\textit{100}},
  number = {29},
  pages = {12043--12051},
  url = {https://pubs.acs.org/doi/10.1021/jp9536458}
}

@article{Changeux2005,
  author = {Jean-Pierre Changeux and Stuart J. Edelstein},
  title = {Allosteric Mechanisms of Signal Transduction},
  journal = {\textit{Science}},
  year = {\textbf{2005}},
  volume = {\textit{308}},
  number = {5727},
  pages = {1424--1428},
  url = {https://www.science.org/doi/abs/10.1126/science.1108595}
}

@article{Fenton2008,
  author = {Aron W. Fenton},
  title = {Allostery: an illustrated definition for the ‘second secret of life’},
  journal = {\textit{Trends Biochem. Sci.}},
  year = {\textbf{2008}},
  volume = {\textit{33}},
  number = {9},
  pages = {420--425},
  url = {https://www.sciencedirect.com/science/article/abs/pii/S0968000408001643}
}

@article{Doncheva2011,
  author = {Nadezhda T. Doncheva and Karsten Klein and Francisco S. Domingues and Mario Albrecht},
  title = {Analyzing and visualizing residue networks of protein structures},
  journal = {\textit{Trends Biochem. Sci.}},
  year = {\textbf{2011}},
  volume = {\textit{36}},
  number = {4},
  pages = {179--182},
  url = {https://www.cell.com/trends/biochemical-sciences/abstract/S0968-0004(11)00013-2}
}

@article{Martin2011,
  author = {Alberto J. M. Martin and Michele Vidotto and Filippo Boscariol and Tomàs Di Domenico and Ian Walsh and Silvio C. E. Tosatto},
  title = {RING: networking interacting residues, evolutionary information and energetics in protein structures},
  journal = {\textit{Bioinformatics}},
  year = {\textbf{2011}},
  volume = {\textit{27}},
  number = {14},
  pages = {2003--2005},
  url = {https://academic.oup.com/bioinformatics/article/27/14/2003/193801?login=false}
}

@article{Doncheva2012,
  author = {Nadezhda T. Doncheva and Yassen Assenov and Francisco S. Domingues and Mario Albrecht},
  title = {Topological analysis and interactive visualization of biological networks and protein structures},
  journal = {\textit{Nat. Protoc.}},
  year = {\textbf{2012}},
  volume = {\textit{7}},
  number = {4},
  pages = {670--685},
  url = {https://www.nature.com/articles/nprot.2012.004}
}

@article{Ghosh2007,
  author = {Amit Ghosh and Saraswathi Vishveshwara},
  title = {A study of communication pathways in methionyl-tRNA synthetase by molecular dynamics simulations and structure network analysis},
  journal = {\textit{Proc. Natl. Acad. Sci.}},
  year = {\textbf{2007}},
  volume = {\textit{104}},
  number = {40},
  pages = {15711--15716},
  url = {https://www.pnas.org/doi/full/10.1073/pnas.0704459104}
}

@article{amitai2004,
  author       = {Amitai, Gil and Shemesh, Arye and Sitbon, Einat and Shklar, Maxim and Netanely, Dvir and Venger, Ilya and Pietrokovski, Shmuel},
  title        = {Network Analysis of Protein Structures Identifies Functional Residues},
  journal      = {\textit{J. Mol. Biol.}},
  year         = {\textbf{2004}},
  volume       = {\textit{344}},
  number       = {4},
  pages        = {1135--1146},
  url          = {https://www.sciencedirect.com/science/article/pii/S0022283604013592}
}

@article{delsol2006,
  author       = {Del Sol, Antonio and Fujihashi, Hirotomo and Amoros, Dolors and Nussinov, Ruth},
  title        = {Residues crucial for maintaining short paths in network communication mediate signaling in proteins},
  journal      = {\textit{Mol. Syst. Biol.}},
  year         = {\textbf{2006}},
  volume       = {2},
  number       = {1},
  article_number        = {2006.0019},
  url          = {https://www.embopress.org/doi/full/10.1038/msb4100063}
}

@article{Kornev2015,
  author = {Alexandr P. Kornev and Susan S. Taylor},
  title = {Dynamics-Driven Allostery in Protein Kinases},
  journal = {\textit{Trends Biochem. Sci.}},
  year = {\textbf{2015}},
  volume = {\textit{40}},
  number = {11},
  pages = {628--647},
  url = {https://www.cell.com/trends/biochemical-sciences/abstract/S0968-0004(15)00166-8}
}

@article{delSol2009,
  author = {Antonio del Sol and Chung-Jung Tsai and Buyong Ma and Ruth Nussinov},
  title = {The Origin of Allosteric Functional Modulation: Multiple Pre-existing Pathways},
  journal = {\textit{Sci. Direct}},
  year = {\textbf{2009}},
  volume = {\textit{17}},
  number = {8},
  pages = {1042--1050},
  url = {https://www.sciencedirect.com/science/article/pii/S0969212609002500?via%3Dihub}
}

@article{Blondel2008,
  author = {Vincent D. Blondel and Jean-Loup Guillaume and Renaud Lambiotte and Etienne Lefebvre},
  title = {Fast unfolding of communities in large networks},
  journal = {\textit{J. Stat. Mech.}},
  year = {\textbf{2008}},
  volume = {\textit{2008}},
  number = {10},
  pages = {P10008},
  url = {https://iopscience.iop.org/article/10.1088/1742-5468/2008/10/P10008/meta?casa_token=gUnIfMpEgFUAAAAA:CzncxXVCSbFF0gBux5xGhAWMnQDOio3eBOyMY8VDngPf7-LFexsnOz5gan6uHE0dlL7JrLJQAdwuwauUSrrCsmDHg0g}
}

@article{Angel2009,
  author = {Thomas E. Angel and Mark R. Chance and Krzysztof Palczewski},
  title = {Conserved waters mediate structural and functional activation of family A (rhodopsin-like) G protein-coupled receptors},
  journal = {\textit{Proc. Natl. Acad. Sci.}},
  year = {\textbf{2009}},
  volume = {\textit{106}},
  number = {21},
  pages = {8555--8560},
  url = {https://www.pnas.org/doi/10.1073/pnas.0903545106}
}

@article{buchenberg2015,
  author       = {Buchenberg, Sebastian and Leitner, David M. and Stock, Gerhard},
  title        = {Scaling Rules for Vibrational Energy Transport in Globular Proteins},
  journal      = {\textit{J. Phys. Chem. Lett.}},
  year         = {\textbf{2015}},
  volume       = {\textit{7}},
  number       = {1},
  pages        = {25--30},
  url          = {https://pubs.acs.org/doi/10.1021/acs.jpclett.5b02514}
}
